@misc{https://doi.org/10.48550/arxiv.2005.00547,
  doi       = {10.48550/ARXIV.2005.00547},
  url       = {https://arxiv.org/abs/2005.00547},
  author    = {Demszky, Dorottya and Movshovitz-Attias, Dana and Ko, Jeongwoo and Cowen, Alan and Nemade, Gaurav and Ravi, Sujith},
  keywords  = {Computation and Language (cs.CL), FOS: Computer and information sciences, FOS: Computer and information sciences},
  title     = {GoEmotions: A Dataset of Fine-Grained Emotions},
  publisher = {arXiv},
  year      = {2020},
  copyright = {arXiv.org perpetual, non-exclusive license}
}

@misc{https://doi.org/10.48550/arxiv.1907.05047,
  doi       = {10.48550/ARXIV.1907.05047},
  url       = {https://arxiv.org/abs/1907.05047},
  author    = {Bazarevsky, Valentin and Kartynnik, Yury and Vakunov, Andrey and Raveendran, Karthik and Grundmann, Matthias},
  keywords  = {Computer Vision and Pattern Recognition (cs.CV), FOS: Computer and information sciences, FOS: Computer and information sciences},
  title     = {BlazeFace: Sub-millisecond Neural Face Detection on Mobile GPUs},
  publisher = {arXiv},
  year      = {2019},
  copyright = {arXiv.org perpetual, non-exclusive license}
}
